
% Help on Bibtex Entry types:
% https://nwalsh.com/tex/texhelp/bibtx-7.html

@book{borg2005mds,
  title={Modern multidimensional scaling: Theory and applications},
  author={Borg, Ingwer and Groenen, Patrick JF},
  year={2005},
  publisher={Springer Science \& Business Media}
}

@article{carroll2009comparing,
  title={{Comparing NOMINATE and IDEAL: Points of difference and Monte Carlo tests}},
  author={{CARROLL, R.; LEWIS, J. B.; LO, J.; POOLE, K. T.; ROSENTHAL, H.}},
  journal={Legislative Studies Quarterly},
  volume={34},
  number={4},
  pages={555--591},
  year={2009}
}
% author={Carroll, Royce and Lewis, Jeffrey B and Lo, James and Poole, Keith T and Rosenthal, Howard},
% O de cima foi resumido para "CARROLL, R. et al."!

@article{clinton2004ideal,
    title = {The Statistical Analysis of Roll Call Data},
    author = {Clinton, Joshua and Jackman, Simon and Rivers, Douglas},
    journal = {American Political Science Review},
    volume = {98},
    number = {02},
    pages = {355--370},
    year = {2004},
    publisher = {Cambridge University Press}
}

@incollection{cragg1995factor,
  title={Factor analysis under more general unknown form},
  author={John Cragg and Donald Stephen},
  year={1995},
  booktitle={Advances in Econometrics and Quantitative Economics},
  pages={291-310},
  address={Oxford, England},
  publisher={Basil Blackwell}
}

@INCOLLECTION{DataMining2003,
  author = {Mehmed Kantardzic},
  title={{Section 3.4 Principal Componente Analysis}},
  booktitle={{Data Mining, Concepts, Models, Methods, and Algorithms}},
  publisher = {John Wiley \& Sons, INC.},
  year = {2003}
}

@article{davis1970electoral,
    author = {Davis, Otto A. and Hinich, Melvin J. and Ordeshook, Peter C.},
    journal = {The American Political Science Review},
    number = {2},
    pages = {426--448},
    title = {An Expository Development of a Mathematical Model of the Electoral Process},
    volume = {64},
    year = {1970}
}

@article{downs1957,
    author = {Downs, Anthony},
    journal = {The Journal of Political Economy},
    number = {2},
    pages = {135--150},
    publisher = {The University of Chicago Press},
    title = {An Economic Theory of Political Action in a Democracy},
    volume = {65},
    year = {1957}
}

@book{gelman2003bayesian,
  title={Bayesian data analysis},
  author={Gelman, Andrew and Carlin, John B and Stern, Hal S and Dunson, David B and Vehtari, Aki and Rubin, Donald B},
  edition={2},
  year={2003},
  publisher={Chapman and Hall/CRC}
}

@book{golub-vanloan,
    abstract = {{<P>Revised and updated, the third edition of Golub and Van Loan's classic text in computer science provides essential information about the mathematical background and algorithmic skills required for the production of numerical software. This new edition includes thoroughly revised chapters on matrix multiplication problems and parallel matrix computations, expanded treatment of CS decomposition, an updated overview of floating point arithmetic, a more accurate rendition of the modified Gram-Schmidt process, and new material devoted to GMRES, QMR, and other methods designed to handle the sparse unsymmetric linear system problem.</P>}},
    author = {Golub, Gene H. and van Loan, Charles F.},
    citeulike-article-id = {252315},
    day = {15},
    edition = {3rd},
    howpublished = {Paperback},
    isbn = {0801854148},
    keywords = {computations, linear\_algebra, matrix},
    month = oct,
    posted-at = {2013-04-26 03:18:56},
    priority = {2},
    publisher = {The Johns Hopkins University Press},
    title = {Matrix Computations (Johns Hopkins Studies in Mathematical Sciences)(3rd Edition)},
    url = {http://www.amazon.com/exec/obidos/redirect?tag=citeulike07-20\&path=ASIN/0801854148},
    year = {1996}
}

@article{heckman-snyder1997,
    author = {Heckman, James J. and Snyder, James M.},
    journal = {The RAND Journal of Economics},
    title = {Linear Probability Models of the Demand for Attributes with an Empirical Application to Estimating the Preferences of Legislators},
    volume = {28},
    number = {0},
    year = {1997},
    pages = {S142--S189}
}

@article{hotelling1933,
    title={Analysis of a complex of statistical variables into principal components},
    DOI={10.1037/h0071325}, 
    journal={Journal of Educational Psychology}, 
    author={H. Hotelling}, 
    year={1933},
    volume = {24},
    number = {6},
    pages = {417--441}
}

@article{izumi2016senado,
  title={Governo e oposi{\c{c}}{\~a}o no Senado brasileiro},
  author={Izumi, Maur{\'\i}cio Yoshida},
  journal={DADOS – Revista de Ciências Sociais},
  volume={59},
  pages={91--138},
  year={2016}
}

@article{jackman01,
   author = {Jackman, Simon},
  biburl = {http://www.bibsonomy.org/bibtex/275a2a920523fa585039653bb15e4971b/jwbowers},
  citeulike-article-id = {106979},
  date-added = {2007-09-03 22:45:16 -0500},
  date-modified = {2007-09-03 22:45:16 -0500},
   journal = {Political Analysis},
  keywords = {bayesian statistics},
  timestamp = {2009-10-28T04:42:52.000+0100},
  title = {Multidimensional Analysis of Roll Call Data via Bayesian Simulation: Identification, Estimation, Inference, and Model Checking},
  year = 2001
}

@article{leoni02cdep,
   title = {{Ideologia, democracia e comportamento parlamentar: a Câmara dos Deputados (1991-1998)}},
   journal = {{DADOS – Revista de Ciências Sociais}},
   author={Leoni, Eduardo},
   volume = {45},
   year = {2002},
   pages = {361--386},
   publisher = {Scielo}
}

@inproceedings{mccarty2011measuring,
  title={Measuring legislative preferences},
  author={McCarty, Nolan},
  booktitle={The Oxford handbook of the American Congress},
  pages={66--94},
  year={2011},
  organization={Oxford University Press Oxford}
}

@article{mccarty-poole-rosenthal01,
    abstract = {We analyze party discipline in the House of Representatives between 1947 and 1998. The effects of party pressures can be represented in a spatial model by allowing each party to have its own cutting line on roll call votes. Adding a second cutting line makes, at best, a marginal improvement over the standard single-line model. Analysis of legislators who switch parties shows, however, that party discipline is manifest in the location of the legislator's ideal point. In contrast to our approach, we find that the {Snyder-Groseclose} method of estimating the influence of party discipline is biased toward exaggerating party effects.},
    author = {McCarty, Nolan and Poole, Keith T. and Rosenthal, Howard},
    citeulike-article-id = {2360340},
    citeulike-linkout-0 = {http://dx.doi.org/10.2307/3118241},
    citeulike-linkout-1 = {http://www.jstor.org/stable/3118241},
    doi = {10.2307/3118241},
    issn = {00030554},
    journal = {The American Political Science Review},
    keywords = {party\_discipline, roll\_calls},
    number = {3},
    pages = {673--687},
    posted-at = {2010-02-05 20:06:08},
    priority = {0},
    publisher = {American Political Science Association},
    title = {The Hunt for Party Discipline in Congress},
    url = {http://dx.doi.org/10.2307/3118241},
    volume = {95},
    year = {2001}
}

@misc{medeiros-freitas-izumi13,
    title={Coalizões e Comportamento Legislativo no Brasil (1988-2010)},
    journal={III Seminário Discente da Pós-Graduação em Ciência Política da USP, de 22 a 26 de abril de 2013}, 
    author={Medeiros, Danilo Buscatto and de Freitas, Andréa Marcondes and Izumi, Maurício Yoshida}, 
    year={2013}
}

@article{pearson1901,
    author = {Pearson, K.},
    title = {On Lines and Planes of Closest Fit to Systems of Points in Space},
    journal = {Philosophical Magazine (6)},
    volume = {23},
    pages = {559--572},
    year = {1901}
}

@book{poole2005book,
  title={Spatial models of parliamentary voting},
  author={Poole, Keith T},
  year={2005},
  publisher={Cambridge University Press}
}

@book{poole2007ideology,
  title={Ideology and congress},
  author={Poole, Keith T and Rosenthal, Howard L},
  year={2007},
  publisher={Transaction Publishers}
}

@article{poole2001dnomiante,
  title={D-nominate after 10 years: A comparative update to congress: A political-economic history of roll-call voting},
  author={Poole, Keith T and Rosenthal, Howard},
  journal={Legislative Studies Quarterly},
  pages={5--29},
  year={2001},
  volume = {26},
  number = {1},
  publisher={JSTOR}
}

@article{poole1985nominate,
    author = {Poole, Keith T. and Rosenthal, Howard},
    title = {A Spatial Model for Legislative Roll Call Analysis},
    journal = {American Journal of Political Science},
    volume = {29(2)},
    pages = {357--384},
    year = {1985}
}

@article{poole2000oc,
    author = {Poole, K. T.},
    journal = {Political Analysis},
    number = {3},
    pages = {211--237},
    title = {Nonparametric unfolding of binary choice data},
    volume = {8},
    year = {2000}
}

@book{poole-rosenthal2000,
    author = {Poole, Keith T. and Rosenthal, Howard},
    publisher = {Oxford University Press},
    title = {Congress: A {Political-Economic} History of Roll Call Voting},
    year = {2000}
}

@mastersthesis{ribeiro08,
  author = {Ribeiro, Pedro Feliú},
  title = {Votações nominais, espectro ideológico político-partidário e política externa: o caso chileno (1994-2006)},
  school = {Faculdade de Filosofia, Letras e Ciências Humanas, Universidade de São Paulo},
  year = 2008,
  address = {São Paulo},
  language = pt,
  note = {(Mestrado em Ciência Política)},
  URL = {http://www.teses.usp.br/teses/disponiveis/8/8131/tde-09102008-165821/} 
}

@misc{roller2014attendance,
    title={The Best and Worst Attendance Records in the Senate},
    author={Emma Roller and Stephanie Stamm},
    year={2014},
    note={http://www.theatlantic.com/politics/archive/2014/05/the-best-and-worst-attendance-records-in-the-senate/455949/}
}

@inproceedings{tahk2010properties,
  title={Properties of ideal-point estimators},
  author={Tahk, Alexander},
  booktitle={27th Annual Summer Meeting of the Society for Political Methodology},
  pages={22--24},
  year={2010}
}

@inproceedings{tahk2006oc,
  title={A New Approach to Optimal Classification},
  author={Tahk, Alexander M},
  booktitle={Annual Meeting of the American Political Science Association},
  address={Philadelphia, EUA},
  year={2006}
}

@inproceedings{tierney1996mcmc,
  author={Tierney, Luke},
  title={Introduction to general state-space Markov chain theory},
  booktitle={Markov chain Monte Carlo in practice},
  year={1996},
  pages={59--74},
  publisher={Chapman and Hall/CRC}
}

@inproceedings{zucco2011ideologia,
  title={Esquerda, Direita e Governo: A ideologia dos partidos políticos brasileiros},
  author={{ZUCCO JR}, Cesar},
  booktitle={O Congresso por ele mesmo: autopercepções da classe política brasileira.},
  address={Belo Horizonte},
  publisher={Editora UFMG},
  year={2011}
}

@article{zucco2011distinguishing,
  title={Distinguishing between influences on Brazilian legislative behavior},
  author={{ZUCCO JR}, Cesar and Lauderdale, Benjamin E},
  journal={Legislative Studies Quarterly},
  volume={36},
  number={3},
  pages={363--396},
  year={2011}
}

