
@INCOLLECTION{DataMining2003,
  author = {Mehmed Kantardzic},
  title={{Section 3.4 Principal Componente Analysis}},
  booktitle={{Data Mining, Concepts, Models, Methods, and Algorithms}},
  publisher = {John Wiley \& Sons, INC.},
  year = {2003}
}
